<record><leader>00000cas a22000007a 4500</leader><controlfield tag="001">22868545</controlfield><controlfield tag="008">901218u1930uuuunyuwr ne      0   b0fre c</controlfield><datafield ind1=" " ind2=" " tag="010"><subfield code="a">sn 90004925 </subfield></datafield><datafield ind1=" " ind2=" " tag="040"><subfield code="a">NSD</subfield><subfield code="b">eng</subfield><subfield code="c">NSD</subfield><subfield code="d">OCLCQ</subfield></datafield><datafield ind1="0" ind2=" " tag="022"><subfield code="a">1054-2582</subfield><subfield code="l">1054-2582</subfield><subfield code="2">1</subfield></datafield><datafield ind1=" " ind2=" " tag="042"><subfield code="a">nsdp</subfield><subfield code="a">pcc</subfield></datafield><datafield ind1="1" ind2="0" tag="082"><subfield code="a">071</subfield><subfield code="2">12</subfield></datafield><datafield ind1="0" ind2=" " tag="210"><subfield code="a">Can.-fr.</subfield></datafield><datafield ind1=" " ind2="3" tag="222"><subfield code="a">Le Canadien-franc&#796;ais</subfield></datafield><datafield ind1="0" ind2="3" tag="245"><subfield code="a">Le Canadien-franc&#796;ais.</subfield></datafield><datafield ind1=" " ind2=" " tag="260"><subfield code="a">New York City :</subfield><subfield code="b">J.E. Mouner,</subfield><subfield code="c">[1930]-</subfield></datafield><datafield ind1=" " ind2=" " tag="300"><subfield code="a">v.</subfield></datafield><datafield ind1=" " ind2=" " tag="310"><subfield code="a">Weekly</subfield></datafield><datafield ind1="0" ind2=" " tag="362"><subfield code="a">No prospectus-</subfield></datafield><datafield ind1=" " ind2=" " tag="588"><subfield code="a">Description based on surrogate.</subfield></datafield><datafield ind1=" " ind2=" " tag="752"><subfield code="a">United States</subfield><subfield code="b">New York</subfield><subfield code="c">New York</subfield><subfield code="d">New York.</subfield></datafield><datafield ind1="1" ind2=" " tag="029"><subfield code="a">AU@</subfield><subfield code="b">000025875376</subfield></datafield></record>